% Macroeconomy

@misc{
	repository:bitcoin:sourceforge,
	author = {Nakamoto, Satoshi},
	title = {main.cpp, bitcoin line \#1673},
	year = 2009,
	ahowpublished = {
		\url{https://sourceforge.net/p/bitcoin/code/133/tree/trunk/main.cpp#l1673}},
	anote = {The source forge repostiory was later moved to github.},
}

@misc{
	bitcoin:genesis:coinbase,
	author = {},
	year = 2009,
	title = {The coinbase transaction of the genesis block.},
	ahowpublished = {
		\url{https://www.blockchain.com/btc/tx/4a5e1e4baab89f3a32518a88c31bc87f618f76673e2cc77ab2127b7afdeda33b?show_adv=true}},
	howpublished = {\\TX 4a5e1e4baab89f3a32518a88c31bc87f618f76673e2cc77ab2127b7afdeda33b},	
	anote = {(Accessed on 2019-01-30)},
}

@book{
	crown:gold,
	author = { Linder, Nils },   
	title = { Nordisk Familjebok},
	publisher = { C. E. Gernandt },
	year = {1911},
	edition = {second},
	note = { }
}

@book{
	nordic:crown,
	author = { Linder, Nils },   
	title = { Nordisk Familjebok},
	publisher = { C. E. Gernandt },
	year = {1913},
	edition = {second},
	note = { }
}

@article{
	szabo:shelling:out,
	author = {Szabo, Nick},   
	title = {Shelling out},
	publisher = {},
	year = {2002},
	howpublished = {\url{https://nakamotoinstitute.org/shelling-out/}}
}
@misc{
	szabo:unenumerated,
	author = {Szabo, Nick},   
	title = {Unenumerated},
	publisher = {},
	year = {},
	howpublished = {\url{http://unenumerated.blogspot.com/}}
}

@article{
	menger:origins:money,
	author = {Menger, Carl},   
	title = {On the Origins of Money},
	note = { },
	journal =  "Economic Journal",
	year = "1892",
	howpublished = {\url{http://www.socsci.mcmaster.ca/~econ/ugcm/3ll3/menger/money.txt}},
	pages = {239-55}
}


@article{
	patterson:monetary:drains,
	author = {Patterson, R. H.},   
	title = {On Our Home Monetary Drains, and the Crisis of 1866},
	publisher = {Wiley for the Royal Statistical Society},
	month = {June},
	year = {1870},
	note = { },
	journal =  "Journal of the Statistical Society of London",
	volume = {33},
	number = "2",
	howpublished = {\url{https://www.jstor.org/stable/2338715?read-now=1&seq=1#page_scan_tab_contents}},
	pages = {216-242},
	DOI = "10.2307/2338715"
}

@book{
	lips:gold:wars,
	author = {Lips, Ferdinand},
	title = {Gold Wars 
	The Battle Against Sound Money 
	As Seen From A Swiss Perspective},
	year = "2001",
	publisher = {The Foundation for the Advancement of 
	Monetary Education },
	howpublished = {
		\url{http://citeseerx.ist.psu.edu/viewdoc/download?doi=10.1.1.466.9805&rep=rep1&type=pdf}
	}
}

@misc{
	world:gold:council,
	author = "",
	year = "2019",
	title = "The World Gold Council",
	howpublished = {
		\url{https://gold.org}
	}
}

@book{
    ammous:bitcoin:standard,
	author = {Ammous. Saifeadean},
	title = {The Bitcoin Standard},
	year = "2018",
	month = "mars",
	day = "23",
	publisher = { Wiley },
}

@misc{
	fed:function:money,
	title = {Functions of Money},
	author = {Federal Reserve Bank of Saint Louis},
	year = "",
	ahowpublished = {
	\url{https://www.stlouisfed.org/education/economic-lowdown-podcast-series/episode-9-functions-of-money}
	},
	howpublished = "economic-lowdown"
}

@book{
	hanke:krus:hyperinflation:table,
	author = {Hanke, Steve H. and Krus, Nicholas},
	title = "World Hyperinflations",
	year = "2012",
	month = "August",
	day = "15",
	howpublished = {
	\url{https://upload.wikimedia.org/wikipedia/en/8/88/The_Hanke_Krus_Hyperinflation_Table.pdf}
	},
}

@article{
	weber:bitcoin:standard,
	title = {A Bitcoin Standard: Lessons from the Gold Standard},
	author = { Weber, Warren E. },
	publisher = {Bank of Canada},
	month = "October",
	year = "2015",
	howpublished = {
	\url{https://www.bankofcanada.ca/wp-content/uploads/2015/12/bitcoin-standard-lessons.pdf}
	},
}

@misc{
	hanke:hyperinflation,
	author={Hanke, Steve H.},
	title={Venezuela Hyperinflation},
	year = "2018",
	month = "October",
	ahowpublished = {
		\url{https://www.forbes.com/sites/stevehanke/2018/10/23/venezuelas-hyperinflation-24-months-and-counting/#778fc64a162d}
	},	
}

@misc{
	roosevelt:6102,
	author = {Roosevelt, Franklin D.},
	title = "Executive order 6102",
	year = "",
	ahowpublished = {
		\url{https://en.wikipedia.org/wiki/Executive_Order_6102#/media/File:Executive_Order_6102.jpg}
	},	
}

@misc{
	gold:reserve:act,
	author = {Roosevelt, Franklin D.},
	title = "The Gold Reserve Act",
	year = "1934",
	month = "January",
	day = "30",
	ahowpublished = {
		\url{http://legisworks.org/congress/73/publaw-87.pdf}
	},
}

@book{
	keynes:general:theory,
	author = {Keynes, John Maynard},
	title = "The General Theory of Employment, 
	Interest, and Money",
	year = "1936",
	howpublished = {
	\url{http://cas2.umkc.edu/economics/people/facultypages/kregel/courses/econ645/winter2011/generaltheory.pdf}
	}
}

@article{
	bordo:bretton:woods,
	title={The imbalances of the Bretton Woods system 1965 to 1973: U.S. Inflation, the elephants in the room},
	author={Bordo, Michael D.},
	publisher={National bureau of economic research 1050 massachusetts avenue, cambridge, MA 02138, December 2018},
	howpublished = {
		\url{http://papers.nber.org/tmp/42782-w25409.pdf}
	}
}

@misc{nakamoto:post:deflation,
	author = {Nakamoto, Satoshi},
	title = {bitcointalk.org topic 57 \#415},
	year = "2010",
	ahowpublished = {
	\url{https://bitcointalk.org/index.php?topic=57.msg415#msg415}},
	anote = {\\(Accessed on 2019-02-04)},
}

@misc{nakamoto:govern:print,
	author = {Nakamoto, Satoshi},
	title = {bitcointalk.org topic 13 \#46},
	year = "2010",
	ohowpublished = {
		\url{https://bitcointalk.org/index.php?topic=13.msg46#msg46}},
	anote = {\\(Accessed on 2019-02-04)},
}

@misc{nakamoto:predicate,
	author = {Nakamoto, Satoshi},
	title = {bitcointalk.org topic 195 \#1611},
	year = "2010",
	ahowpublished = {
		\url{https://bitcointalk.org/index.php?topic=195.msg1611#msg1611}},
	anote = {\\(Accessed on 2019-02-11)},
}

@book{boulding:evolutionary:economy,
	author = {Boulding, Kenneth E.},   
	title = {Evolutionary Economics},
	publisher = {SAGE publications Inc},
	month = {},
	year = {1981},
	edition = {first},
	note = { }
}

% Satoshi forum posts
https://bitcointalk.org/index.php?action=profile;u=3;sa=showPosts;start=520

# 13 | 527
https://bitcointalk.org/index.php?topic=13.msg46#msg46

TOR, reverse govern-print mention

% Bitcoin

@article{
	mosterland:transaction:fee,
	author = { Möser1and, Malte and Rainer Böhme},
	title = { Trends, Tips, Tolls: A Longitudinal Studyof Bitcoin Transaction Fees },
	day = "30",
	journal = "Lecture Notes in Computer Science",
	vol = "8977",
	month = "January",
	year = "2015",
	howpublished = { 
		\url{https://maltemoeser.de/paper/transaction-fees.pdf}
	}
}

@article{
	houy:transaction:fee,
	author = { Houy, Nicolas },
	title = { The economics of Bitcoin transaction fees },
	day = "24",
	month = "February",
	year = "2014",
	howpublished = { 
		\url{https://halshs.archives-ouvertes.fr/halshs-00951358/document}
	}
}

@book{antonopoulos:mastering:bitcoin,
	author = {Antonopoulos, Andreas},   
	title = {Mastering Bitcoin},
	publisher = {O'Reilly Media},
	month = {July},
	year = {2014},
	edition = {first},
	note = { }
}

@book{
	antonopoulos:the:internet:of:money,
	author = {Antonopoulos, Andreas},   
	title = {The Internet of Money},
	publisher = {Merkle Bloom LLC},
	day = "30",
	month = {August},
	year = {2016},
	edition = {first},
	isbn = { 1537000454 }
}

@misc{
	antonopoulos:bitcoin:scripting,
	author = {Antonopoulos, Andreas},
	title = {SF Bitcoin devs seminar: Advanced Bitcoin scripting},
	year = "2017",
	month = "April",
	day = "10",
	howpublished = {
		\url{https://www.youtube.com/watch?v=yU3Sr07Qnxg}},
	}	
}

@article{
	antonopoulos:segregated:witness:align:economic:incentives,
	author = { Antonopoulos, Andreas},
	title = { Segregated witness and aligning economic incentives with resource costs },
	day = "8",
	month = "August",
	year = 2016,
    howpublished = { 
		\url{https://segwit.org/segregated-witness-and-aligning-economic-incentives-with-resource-costs-7d987b135c00}
	}
}

@article{
	nakamoto:bitcoin,
	author = { Nakamoto, Satoshi},
	title = { Bitcoin: A Peer-to-Peer Electronic Cash System },
	year = "2008",
	month = "October",
	day = "31",
	ahowpublished = { https://bitcoin.org/bitcoin.pdf },
	issue_date = {31 october 2008},
}

@article{
	back:hashcash,
	author = { Back, Adam},
	title = { Hashcash - A Denial of Service Counter-Measure },
	year = 2002,
	ahowpublished = { http://www.hashcash.org/papers/hashcash.pdf },
	issue_date = {August 2002},
}

@article{
	szabo:smart:contracts,
	author = { Szabo, Nick},
	title = { Smart Contracts },
	year = 1994,
	howpublished = { 
		\url{http://www.fon.hum.uva.nl/rob/Courses/InformationInSpeech/CDROM/Literature/LOTwinterschool2006/szabo.best.vwh.net/smart.contracts.html}
	}
}

@misc{
	nakamoto:finney:tx,
	author = {TX f4184fc596403b9d638783cf57adfe4c75c605f6356fbc91338530e9831e9e16},
	title = {block 170},
	ahowpublished = {
		\url{https://www.blockchain.com/btc/tx/f4184fc596403b9d638783cf57adfe4c75c605f6356fbc91338530e9831e9e16}
	},
	anote = {\\(Accessed on 2019-02-06)}
}

@misc{
	nakamoto:commit:1,
	author = {Nakamoto, Satoshi},
	title = {fix openssl linkage problems,},
	ahowpublished = {
		\url{https://github.com/bitcoin/bitcoin/commit/a30b56ebe76ffff9f9cc8a6667186179413c6349}
	},
	howpublished = {bitcoin commit a30b56ebe76ffff9f9cc8a6667186179413c6349},
	anote = {\\(Accessed on 2019-02-19)}
}

@misc{
	nakamoto:commit:2,
	author = {Nakamoto, Satoshi},
	title = {only accept transactions sent by IP address if -allowreceivebyip is s…},
	ahowpublished = {
		\url{https://github.com/bitcoin/bitcoin/commit/172f006020965ae8763a0610845c051ed1e3b522}
	},
	howpublished = {bitcoin commit 172f006020965ae8763a0610845c051ed1e3b522},
	anote = {\\(Accessed on 2019-02-19)}
}

@misc{repository:bitcoin,
	author = {},
	title = {Bitcoin Core},
	year = "2009-",
	howpublished = {
		\url{https://github.com/bitcoin/bitcoin}},
	anote = {},
}

@misc{repository:neutrino,
	author = {lightninglabs},
	title = {Neutrino},
	year = "",
	howpublished = {
	\url{https://github.com/lightninglabs/neutrino}},
	anote = {},
}

@misc{repository:btcd,
	author = {btcsuite},
	title = {btcd},
	year = "",
	howpublished = {
		\url{https://github.com/btcsuite/btcd}},
	anote = {},
}

% Bitcoin - Bips

@misc{bip:0141:segwit,
	author = {Lombrozo, Eric and Lau, Johnson and Wuille, Pieter},
	title = {BIP 0141 Segregated Witness},
	year = "2015",
	month = "December",
	ahowpublished = {
		\url{https://github.com/bitcoin/bips/blob/master/bip-0141.mediawiki}},
	anote = {(Accessed on 2019-02-13)},
}

@misc{bip:148:uasf:segwit,
	author = {Fry, Shaolin},
	title = {BIP 0148 Mandatory activation of segwit deployment},
	year = "2017",
	ahowpublished = {
		\url{https://github.com/bitcoin/bips/blob/master/bip-0148.mediawiki}},
	anote = {(Accessed on 2019-02-13)},
}

@misc{
	bip:0147:dummy:zero,
	author = {Lau, Johnson},
	title = {BIP 0147 Dealing with dummy stack element malleability},
	year = "",
	ahowpublished = {
		\url{https://github.com/bitcoin/bips/blob/master/bip-0147.mediawiki}},
	anote = {\\(Accessed on 2019-02-07)},
}

@misc{bip:0016:p2sh,
	author = {Andersen, Gavin},
	title = {BIP 0016 Pay to Script Hash},
	year = "2012",
	month = "January",
	day = "03",
	ahowpublished = {
	\url{https://github.com/bitcoin/bips/blob/master/bip-0016.mediawiki}},
	anote = {\\(Accessed on 2019-02-07)},
}

@misc{bip:0013:p2shaddr,
	author = {Andersen, Gavin},
	title = {BIP 0013 Address Format for pay-to-script-hash},
	year = "2012",
	month = "January",
	day = "03",
	ahowpublished = {
	\url{https://github.com/bitcoin/bips/blob/master/bip-0013.mediawiki}},
	anote = {\\(Accessed on 2019-02-07)},
}

@misc{bip:0118:sighash:noinput,
	author = {Decker, Christian},
	title = "BIP 0118 SIGHASH NOINPUT",
	year = "2017",
	month = "February",
	day = "28",
	ahowpublished = {
		\url{https://github.com/bitcoin/bips/blob/master/bip-0118.mediawiki}},
	anote = {\\(Accessed on 2019-02-13)},
}

@misc{bip:0068:sequence:lock:time,
	author = {Freienbach, Mark and BtcDrak and Dorier, Nicolas and kinoshitajona},
	title = "BIP 0068 Relative lock-time using consensus-enforced sequence numbers",
	year = "2015",
	month = "May",
	day = "28",
	ahowpublished = {
		\url{https://github.com/bitcoin/bips/blob/master/bip-0068.mediawiki}},
	anote = {\\(Accessed on 2019-02-13)},
}

@misc{bip:0112:sequence:lock:time:soft:fork,
	author = {BtcDrak and Freienbach, Mark and Lombrozo, Eric},
	title = "BIP 0112 CHECKSEQUENCEVERIFY",
	year = "2015",
	month = "august",
	day = "10",
	ahowpublished = {
		\url{https://github.com/bitcoin/bips/blob/master/bip-0112.mediawiki}},
	anote = {\\(Accessed on 2019-02-18)},
}

@misc{bip:0113:median:time:passed,
	author = {Kerin, Thomas	and Freienbach, Mark},
	title = "BIP 0113 Median time-past as endpoint for lock-time calculations",
	year = "2015",
	month = "august",
	day = "10",
	ahowpublished = {
		\url{ https://github.com/bitcoin/bips/blob/master/bip-0113.mediawiki}},
	anote = {\\(Accessed on 2019-02-18)},
}

@misc{bip:0032:hd:wallet,
	author = { Wuille, Pieter },
	title = "BIP 0032 Hierarchical Deterministic Wallets",
	year = "2012",
	month = "February",
	day = "11",
	ahowpublished = {
		\url{https://github.com/bitcoin/bips/blob/master/bip-0032.mediawiki}},
	anote = {\\(Accessed on 2019-02-18)},
}

@misc{bip,
	author = {},
	title = { Bitcoin improvement proposals },
	year = "",
	howpublished = {
	\url{https://github.com/bitcoin/bips}},
	note = {},
}

% Increase block size bips

@misc{bip:0100:dynamic:block:size,
	author = { Garzik, Jeff and
	Harding, Tom and
	Valberg Johannsson, Dagur},
	title = "BIP 0100 Dynamic maximum block size by miner vote",
	year = "2015",
	month = "august",
	day = "10",
	ahowpublished = {
		\url{https://github.com/jgarzik/bip100/blob/master/bip-0100.mediawiki}},
	anote = {\\(Accessed on 2019-02-18)},
}

@misc{bip:0101:increase:block:size,
	author = { Andersen, Gavin},
	title = "BIP 0101 Increase maximum block size",
	year = "2015",
	month = "June",
	day = "22",
	ahowpublished = {
		\url{https://github.com/bitcoin/bips/blob/master/bip-0101.mediawiki}},
	anote = {\\(Accessed on 2019-02-19)},
}

@misc{bip:0102:increase:2mb,
	author = { Garzik, Jeff},
	title = "BIP 0102 Block size increase to 2MB",
	year = "2015",
	month = "June",
	day = "23",
	ahowpublished = {
		\url{https://github.com/bitcoin/bips/blob/master/bip-0102.mediawiki}},
	anote = {\\(Accessed on 2019-02-19)},
}

@misc{bip:0103:increase:with:technology,
	author = { Wuille, Pieter },
	title = "BIP 0103 Block size following technological growth",
	year = "2015",
	month = "June",
	day = "23",
	ahowpublished = {
		\url{https://github.com/bitcoin/bips/blob/master/bip-0103.mediawiki}},
	anote = {\\(Accessed on 2019-02-19)},
}

% Scaling

@article{decker:wattenhofer:duplex,
	title = {A Fast and Scalable Payment Network with Bitcoin Duplex Micropayment Channels},
	author = {Decker, Christan and Wattenhofer, Roger},
	howpublished = { \url{https://www.tik.ee.ethz.ch/file/716b955c130e6c703fac336ea17b1670/duplex-micropayment-channels.pdf} },
	issue_date = {},
	publiser = "Distributed Computing Group, ETH Zurich"
}

@misc{donald:scale,
	title = {Re: Bitcoin P2P e-cash paper},
	author = {Donald, James A.},
	ahowpublished = { \url{https://www.mail-archive.com/cryptography@metzdowd.com/msg09963.html} },
	howpublished = "Cyberpunk mailing list",
	year = 2008,
}

@misc{hearn:classic,
	title = {Why is bitcoin forking},
	author = {Hearn, Mike},
	ahowpublished = { \url{https://medium.com/faith-and-future/why-is-bitcoin-forking-d647312d22c1} },
	month = "august",
	day = "15",
	year = "2015",
}

@misc{coin:dance,
	title = {coin.dance},
	author = {},
	howpublished = { \url{https://coin.dance/} },
	year = "2019",
}

@article{song:lightning:malleability,
	title = {Transaction Malleability Explained},
	author = {Song, Jimmy},
	ahowpublished = { 
		\url{https://bitcointechtalk.com/transaction-malleability-explained-b7e240236fc7} 
	},
	year = "2017",
	month = "August",
	Day = "16"
}

@article{song:asicboost,
	title = {Examining Bitmain’s Claims about ASICBoost},
	author = {Song, Jimmy},
	ahowpublished = { 
		\url{https://medium.com/@jimmysong/examining-bitmains-claims-about-asicboost-1d61118c678d} 
	},
	year = "2017",
	month = "April",
	Day = "10"
}

@article{bitmain:response,
	title = {Regarding Recent Allegations and Smear Campaigns},
	author = {Bitmain},
	ahowpublished = { 
		\url{https://blog.bitmain.com/en/regarding-recent-allegations-smear-campaigns/} 
	},
	year = "2017",
	month = "April",
	Day = "7"
}

@misc{maxwell:asicboost:fix,
	title = {Inhibiting a covert attack on the Bitcoin POW function},
	author = {Maxwell, Gregory},
	ahowpublished = { 
		\url{https://lists.linuxfoundation.org/pipermail/bitcoin-dev/2017-April/013996.html} 
	},
	howpublished = "Bitcoin-dev mailing list, Linuxfoundation",
	year = "2017",
	month = "April",
	Day = "5"
}

% Lightning 

@article{poon:dryja:lightning:network,
	title = {The Bitcoin Lightning Network: Scalable Off-Chain Instant Payments},
	author = {Poon, Joseph and Dryja, Thaddeus},
	howpublished = { \url{https://lightning.network/lightning-network-paper.pdf} },
	issue_date = {14 january 2016 DRAFT Version 0.5.9.2},
	year = 2016,
}

@misc{repository:lightning:rfc,
	author = {},
	title = {Lightning, Request For Comments},
	howpublished = {
		\url{https://github.com/lightningnetwork/lightning-rfc}},
	note = {},
	year = "",
}

@article{gunspan:marco:ant,
	title = {Ant Routing Algorithm for the Lightning Network},
	author = {Cyril Grunspan and Perez-Marco, Ricardo},
	howpublished = { \url{https://webusers.imj-prg.fr/~ricardo.perez-marco/publications/articles/antrouting3.pdf} },
	issue_date = {},
	year = "",
}

@article{decker:russell:Osuntokun:eltoo,
	title = {eltoo:  A Simple Layer2 Protocol for Bitcoin},
	author = {Decker, Christian and Russell, Rusty and Osuntokun, Olaoluwa},
	howpublished = { \url{https://blockstream.com/eltoo.pdf} },
	issue_date = {},
	year = "2018",
}

@article{distasi:avallone:cononico:routing,
	title = {Routing payments on the Lightning Network},
	author = { Di Stasi, Giovanni and Avallone, Stefano and Canonico, Roberto and Ventre, Giorgio},
	howpublished = { },
	issue_date = {},
	year = "2018",
}

@misc{repository:lnd,
	author = {Lightning labs},
	title = {Lightning Node Daemon},
	howpublished = {
	\url{https://github.com/lightningnetwork/lnd}},
	note = {},
	year = "",
}

@misc{repository:clightning,
	author = {blockstream},
	title = {c-lightning},
	howpublished = {
	\url{https://github.com/ElementsProject/lightning}},
	note = {},
	year = "",
}

@misc{repository:eclair,
	author = { Acinq },
	title = {eclair},
	howpublished = {
	\url{https://github.com/ACINQ/eclair}},
	note = {},
	year = "",
}

@misc{repository:lit,
author = {MITDCI},
title = {lit},
howpublished = {
	\url{https://github.com/mit-dci/lit}},
note = {},
year = "",
}

@misc{repository:rene:pickard,
	author = {Pickhardt, René },
	title = {Automatically-Generating-a-Robust-Topology-for-the-Lightning-Network-on-top-of-Bitcoin},
	ahowpublished = {
		\url{https://github.com/renepickhardt/Automatically-Generating-a-Robust-Topology-for-the-Lightning-Network-on-top-of-Bitcoin}
	},
	note = {},
	year = "2019",
}

@article{
	bitmex:fee,
	author = {BitMEX Research},
	title = {Rouing fee economics},
	howpublished = {
	\url{https://blog.bitmex.com/the-lightning-network-part-2-routing-fee-economics/}
	},
	note = {},
	day = "27",
	month = "March",
	year = "2019",
}

@misc{raspitzu:fee,
	title = {re: Fee Structure},
	author = {Raspitzu, Andrea},
	ahowpublished = { 
		\url{https://lists.linuxfoundation.org/pipermail/lightning-dev/2019-March/001897.html} 
	},
	howpublished = "Lightning-dev mailing list",
	year = "2019",
	month = "March",
	Day = "13"
}

@misc{ZmnSCPxj:fee,
	title = {re: Fee Structure},
	author = {ZmnSCPxj},
	ahowpublished = { 
		\url{https://lists.linuxfoundation.org/pipermail/lightning-dev/2019-March/001899.html} 
	},
	howpublished = "Lightning-dev mailing list",
	year = "2019",
	month = "March",
	Day = "14"
}

@misc{pickard:jit,
	title = {Just in Time Routing (JIT-Routing) and a channel rebalancing heuristic},
	author = {Pickhardt, René },
	ahowpublished = { 
		\url{https://lists.linuxfoundation.org/pipermail/lightning-dev/2019-March/001891.html} 
	},
	howpublished = "Lightning-dev mailing list",
	year = "2019",
	month = "March",
	Day = "5"
}

@article{
	bhatia:time:value,
	author = {Nik Bhatia},
	title = {The time value of bitcoin},
	howpublished = {
		\url{https://medium.com/@timevalueofbtc/the-time-value-of-bitcoin-3807b91f02d2}
	},
	note = {},
	day = "8",
	month = "June",
	year = "2018",
}

% My repositories

@misc{repository:me:thesis,
	author = {},
	title = {Thesis source repository},
	howpublished = {
		\url{https://github.com/Johnstedt/master-thesis-ln-fee-estimation}},
	note = {},
	year = "",
}

% Topology

@misc{networkx,
	author = {},
	title = {NetworkX},
	howpublished = {
	\url{https://networkx.github.io/}},
	note = {},
	year = "",
	}

@article{
	erdos:renyi:random:graphs,
	author = {Erdős, Paul and Rényi, Albért}, 
	title = "On Random Graphs I.",
	journal = "",
	volume =  "",
	day = "", 
	month = "",
	year = "",
	page = "",
	howpublished = {
		\url{https://users.renyi.hu/~p_erdos/1959-11.pdf}
	}
}

@article{
	barabasi:albert:emergent:scaling,
	author = {Barabási, Albert-László and Albert, Réka}, 
	title = "Emergence of Scaling in Random Networks",
	journal = "Science",
	volume =  "286",
	day = "15", 
	month = "October",
	year = "1999",
	pages = "509-512",
	howpublished = {
		\url{http://barabasi.com/f/67.pdf}
	}
}

@article{
	barabasi:scale:free,
	author = {Barabási, Albert-László},
	title = "Network Science The Scale Free Property",
	day = "09", 
	month = "September",
	year = "2014",
	howpublished = {
		\url{http://barabasi.com/f/623.pdf}
	}
}

@article{
	barabasi:decade:beyond,
	author = {Barabási, Albert-László},
	title = "Scale-Free Networks: A Decade and Beyond",
	journal = "Science",
	volume = "325",
	pages = "412-413",
	day = "24", 
	month = "July",
	year = "2009",
	howpublished = {
		\url{http://barabasi.com/f/303.pdf}
	}
}

@article{
	barabasi:robustness,
	author = {Barabási, Albert-László and Bonabeau, Eric},
	title = "Scale-Free Networks",
	journal = "Scientific American",
	volumeA = "325",
	pages = "50-59",
	month = "May",
	year = "2003",
	howpublished = {
		\url{http://barabasi.com/f/124.pdf}
	}
}

@article{
	merton:matthew:effect,
	title = "The Matthew Effect in Science",
	author = {Merton, Robert K.},
	journal = "Science",
	volume = "186",
	number = "3810",
	pages = "56-63",
	year = "1968",
	month = "January",
	day = "5",
	howpublished = "http://www.garfield.library.upenn.edu/merton/matthew1.pdf",

}

@article{
	bollobas:janson:riordan:transition:random,
	author = {Bollobás, Béla and Janson, Svante and Riordan, Oliver},
	title = "The Phase Transition in Inhomogeneous Random Graphs",
	day = "29", 
	month = "April",
	year = "2005",
	howpublished = {
		\url{https://arxiv.org/pdf/math/0504589.pdf}
	}
}

@article{
	callaway:hopcraft:randomly:grown:graphs,
	author = {Callaway, Duncan S. and Hopcroft, John E. and Kleinberg, Jon M. and Newman, M. E. J. and Strogatz, Steven H.},
	title = "Are randomly grown graphs really random?",
	year = "",
	howpublished = {
		\url{https://arxiv.org/pdf/cond-mat/0104546.pdf}
	}
}

@article{
	hassan:islam:haque:mediation,
	author = {Hassan, Kamrul and Islam, Liana and Arefinul Haque, Syed},
	title = "Degree distribution, rank-size distribution, and leadership
	persistence in mediation-driven attachment networks",
	year = "2017",
	journal = "Physica A",
	volume = "469",
	pages = "23-30"
}

@article{
	bianconi:barabasi:fitness:network,
	author = {Ginestra Bianconi and Albert-László Barabási},
	title = {Competition and multiscaling in evolving networks},
	year = "2001",
	month = "March",
	journal = "Europhysics letters",
	volume = "54",
	pages = "436-442"
}


@misc{
	repository:gephi,
	author = {},
	title = "Gephi",
	howpublished = {
		\url{https://github.com/gephi/gephi}
	},
}

@article{
	freeman:betweenness:centrality,
	author = { Freeman, Linton C. },
	title = "A Set of Measures of Centrality Based on Betweenness",
	journal = "Sociometry",
	volume = "40",
	No = "1",
	pages = "35-41",
	month = "Mars",
	year = "1977",
	howpublished = {
		\url{https://www.researchgate.net/publication/216637282_A_Set_of_Measures_of_Centrality_Based_on_Betweenness}
	},
}

@book{
	king:james:bible,
	author = {  },
	title = "King James Bible",
	year = "1611",
	howpublished = {
		\url{https://www.biblegateway.com/versions/King-James-Version-KJV-Bible/}
	}
}

% Toplogy algorithms 

@article{
	brandes:betweenness:centrality:algorithm,
	author = {Brandes, Ulrik},
	title = "On Variants of Shortest-Path Betweenness Centrality and their Generic Computation",
	day = "12", 
	month = "November",
	year = "2007",
	howpublished = {
	\url{http://citeseerx.ist.psu.edu/viewdoc/download?doi=10.1.1.72.9610&rep=rep1&type=pdf}
	},
}

@article{
	johnson:shortest:path:sparse:network,
	author = { Johnson, Donald B. },
	title = "Efficient algorithms for shortest paths in sparse networks",
	journal = "Journal of the Association for Computing Machinery",
	volume = "24",
	No = "1",
	pages = "1-13",
	month = "January",
	year = "1977",
	howpublished = {
		\url{http://bioinfo.ict.ac.cn/~dbu/AlgorithmCourses/Lectures/Lec7-Johnson.pdf}
	}
}

@book{
	bakhtiar:floyd:warshall,
	author = { Hasan, Bakhtiar },   
	title = { Algorithms Notes for Professionals },
	publisher = {},
	month = {},
	year = {},
	note = { },
	howpublished = {
		\url{https://goalkicker.com/AlgorithmsBook}
	}
}


% Game Theory 

@article{
	hamilton:behavior,
	author = { Hamilton, William D. },   
	title = { The Genetical Evolution of Social Behaviour. I },
	journal = {Journal of Theoretical Biology},
	volume = {7},
	pages = "1-16",
	month = {February},
	year = {1964},
	note = { },
	howpublished = {
		\url{http://www.uvm.edu/pdodds/files/papers/others/1964/hamilton1964a.pdf}
	}
}

@book{
	smith:evolution:games,
	author = {Smith, John M.},   
	title = {Evolution and the Theory of Games},
	publisher = { Cambridge University Press },
	month = {},
	year = {1982},
	note = { }
}

@article{
	smith:price:logic:animal,
	author = {Smith, John M. and Price, G.R.},   
	title = {The Logic of Animal Conflict},
	journal = { Nature },
	volume = {246},
	pages = "15-18",
	day = {2},
	month = {November},
	year = {1973},
	howpublished = {
		\url{ftp://oceane.obs-vlfr.fr/pub/irisson/papers/Maynard%20Smith1973-The%20logic%20of%20animal%20conflict00.pdf}
	},
	note = { }
}

@article{
	nash:equilibrium,
	author = {Nash JR, John F.},   
	title = {Equilibrium points in N-person games},
	journal = { Proceedings of the National Academy of Sciences  },
	volume = {36},
	pages = {48-49},
	year = {1950},
	howpublished = {
		\url{https://www.ncbi.nlm.nih.gov/pmc/articles/PMC1063129/pdf/pnas01550-0057.pdf}
	},
	note = { }
}

@article{
	turner:chao:prisoners:dilemma,
	author = { Turner, Paul E. and Chao, Lin},   
	title = { Prisoner's dilemmain an RNA virus },
	journal = { Nature },
	volume = {398},
	pages = {441-443},
	year = {1999},
	month = "April",
	day = "1",
	howpublished = {
		\url{https://turnerlab.yale.edu/sites/default/files/turner_chao_1999.pdf}
	},
	note = { }
}

@article{
	nowak:sigmund:phage,
	author = { Nowak, Martin A. and Sigmund, Karl },   
	title = { Phage-lift for game theory },
	journal = { Nature },
	volume = {398},
	pages = {441-443},
	year = {1999},
	month = "April",
	day = "1",
	howpublished = {
		\url{http://ped.fas.harvard.edu/files/ped/files/nature99a_0.pdf}
	},
	note = { }
}

@article{
	bell:logonormal,
	author = { Bell, Michael and Perera, Supun and Piraveenan, Mahendrarajah and Bliemer, Michiel and Latty, Tanya and Reid, Chris },   
	title = { Network growth models: A behavioural basis for attachment proportional to fitness },
	year = {2008},
	howpublished = {
		\url{https://arxiv.org/pdf/1702.04046.pdf}
	},
	note = { }
}

@article{
	goldengorin:jager:tolerance,
	author = { Goldengorin, Boris and Jäger, Gerold and Molitor, Paul },   
	title = { Some Basics on Tolerances },
	year = {2006},
	howpublished = {
	\url{}
	},
	note = { }
}

@book{
	easly:kleinberg:network:crowds:markets,
	author = {Easley, David and Kleinberg, Jon},   
	title = { Networks, Crowds and Markets },
	publisher = { Cambridge University Press },
	month = {},
	year = {2010},
	note = { }
}

@book{
	hespanha:noncooperative:game:theory,
	author = {Hespanha, João P.},   
	title = {Noncooperative Game Theory},
	publisher = {Princeton University Press, 41 William Street, Princton, New Jersey},
	month = {},
	year = {2017},
	edition = {first},
	note = { }
}

@book{
	lasaulce:tembine:game:theory:and:learning:for:wireless:networks,
	author = {Lasaulce, Samson; Tembine, Hamidou},   
	title = {Game Theory and Learning for Wireless Networks},
	publisher = {Academic Press, The boulivard, Langford Lane, Kidlington, Oxford, OX5 1GB},
	month = {},
	year = {2011},
	edition = {first},
	note = { }
}


@article{singh:dwivedi:strivastava:energy:consumption:mining,
	author =   {Singh, Rajani and Dhar Dwivedi, Ashutosh and Srivastava, Gautam },
	title =    {Energy consumption in Bitcoin Mining: A Game
	Theoretic Analysis},
	year =     2018,
	journal = {
		Institute of Computer Science, Polish Academy of Sciences, Warsaw, Poland;
		Faculty of Mathematics, Informatics, and Mechanics, University of Warsaw, Warsaw, Poland;
		Research Center for Interneural Computing, China Medical University, Taichung, Taiwan, China;
		Department of Mathematics and Computer Science, Brandon University, Brandon, Manitoba,
		Canada },
	keywords =     {
		Bitcoin Mining, Dynamic Game Theory, Hamilton-Jacobi-Bellman Equation,
		Social optimum, Nash equilibrium, Pigovian Tax},

	howpublished = {
	\url{https://eprint.iacr.org/2018/780.pdf}},
haveit =   {pdf}
}

@Article{niu:feng:selfish:mining:ethereum,
	author =   { Niu, Jianyu; Feng, Chen },
	title =    {Selfish Mining in Ethereum},
	year =     2018,
	journal = { School of Engineering, University of British Columbia (Okanagan Campus), Canada },
	
	howpublished = {
		\url{https://arxiv.org/pdf/1901.04620.pdf}},
	haveit =   {pdf}
}